@article{Apley2020,
annote = {The paper that proposed ALE plots.},
archivePrefix = {arXiv},
arxivId = {1612.08468},
author = {Apley, Daniel W. and Zhu, Jingyu},
doi = {10.1111/rssb.12377},
eprint = {1612.08468},
file = {:home/givasile/.local/share/data/Mendeley Ltd./Mendeley Desktop/Downloaded/Apley, Zhu - 2020 - Visualizing the effects of predictor variables in black box supervised learning models.pdf:pdf},
issn = {14679868},
journal = {Journal of the Royal Statistical Society. Series B: Statistical Methodology},
keywords = {Functional analysis of variance,Marginal plots,Partial dependence plots,Supervised learning,Visualization},
mendeley-groups = {ΧΑΙ,Feature Effect paper},
number = {4},
pages = {1059--1086},
title = {{Visualizing the effects of predictor variables in black box supervised learning models}},
volume = {82},
year = {2020}
}
