@article{Hooker2021,
  title={Unrestricted permutation forces extrapolation: variable importance requires at least one more model, or there is no free variable importance},
  author={Hooker, Giles and Mentch, Lucas and Zhou, Siyu},
  journal={Statistics and Computing},
  volume={31},
  number={6},
  pages={1--16},
  year={2021},
  publisher={Springer}
}

@article{Friedman2001,
  title={Greedy function approximation: a gradient boosting machine},
  author={Friedman, Jerome H},
  journal={Annals of statistics},
  pages={1189--1232},
  year={2001},
  publisher={JSTOR}
}


@article{Apley2020,
  title={Visualizing the effects of predictor variables in black box supervised learning models},
  author={Apley, Daniel W and Zhu, Jingyu},
  journal={Journal of the Royal Statistical Society: Series B (Statistical Methodology)},
  volume={82},
  number={4},
  pages={1059--1086},
  year={2020},
  publisher={Wiley Online Library}
}


@article{BikeSharing,
year={2013},
issn={2192-6352},
journal={Progress in Artificial Intelligence},
doi={10.1007/s13748-013-0040-3},
title={Event labeling combining ensemble detectors and background knowledge},
url={[Web Link]},
publisher={Springer Berlin Heidelberg},
keywords={Event labeling; Event detection; Ensemble learning; Background knowledge},
author={Fanaee-T, Hadi and Gama, Joao},
pages={1-15}
}

@article{Hoffman2018,
  title={Metrics for explainable AI: Challenges and prospects},
  author={Hoffman, Robert R and Mueller, Shane T and Klein, Gary and Litman, Jordan},
  journal={arXiv preprint arXiv:1812.04608},
  year={2018}
}


@article{Adadi2018,
  title={Peeking inside the black-box: a survey on explainable artificial intelligence (XAI)},
  author={Adadi, Amina and Berrada, Mohammed},
  journal={IEEE access},
  volume={6},
  pages={52138--52160},
  year={2018},
  publisher={IEEE}
}


@article{BarredoArrieta2020,
  title={Explainable Artificial Intelligence (XAI): Concepts, taxonomies, opportunities and challenges toward responsible AI},
  author={Arrieta, Alejandro Barredo and D{\'\i}az-Rodr{\'\i}guez, Natalia and Del Ser, Javier and Bennetot, Adrien and Tabik, Siham and Barbado, Alberto and Garc{\'\i}a, Salvador and Gil-L{\'o}pez, Sergio and Molina, Daniel and Benjamins, Richard and others},
  journal={Information fusion},
  volume=58,
  pages={82--115},
  year=2020,
  publisher={Elsevier}
}


@inproceedings{Molnar2020,
  title={Interpretable machine learning--a brief history, state-of-the-art and challenges},
  author={Molnar, Christoph and Casalicchio, Giuseppe and Bischl, Bernd},
  booktitle={Joint European Conference on Machine Learning and Knowledge Discovery in Databases},
  pages={417--431},
  year={2020},
  organization={Springer}
}


@article{Fisher2019,
  title={All Models are Wrong, but Many are Useful: Learning a Variable's Importance by Studying an Entire Class of Prediction Models Simultaneously.},
  author={Fisher, Aaron and Rudin, Cynthia and Dominici, Francesca},
  journal={J. Mach. Learn. Res.},
  volume={20},
  number={177},
  pages={1--81},
  year={2019}
}



@article{Greenwell2018,
  title={A simple and effective model-based variable importance measure},
  author={Greenwell, Brandon M and Boehmke, Bradley C and McCarthy, Andrew J},
  journal={arXiv preprint arXiv:1805.04755},
  year={2018}
}


@inproceedings{Molnar2021,
  title={Quantifying model complexity via functional decomposition for better post-hoc interpretability},
  author={Molnar, Christoph and Casalicchio, Giuseppe and Bischl, Bernd},
  booktitle={Joint European Conference on Machine Learning and Knowledge Discovery in Databases},
  pages={193--204},
  year={2019},
  organization={Springer}
}


@article{Kim2016,
  title={Examples are not enough, learn to criticize! criticism for interpretability},
  author={Kim, Been and Khanna, Rajiv and Koyejo, Oluwasanmi O},
  journal={Advances in neural information processing systems},
  volume={29},
  year={2016}
}


@inproceedings{Ribeiro2016,
  title={" Why should i trust you?" Explaining the predictions of any classifier},
  author={Ribeiro, Marco Tulio and Singh, Sameer and Guestrin, Carlos},
  booktitle={Proceedings of the 22nd ACM SIGKDD international conference on knowledge discovery and data mining},
  pages={1135--1144},
  year={2016}
}


@inproceedings{Ribeiro2018,
  title={Anchors: High-precision model-agnostic explanations},
  author={Ribeiro, Marco Tulio and Singh, Sameer and Guestrin, Carlos},
  booktitle={Proceedings of the AAAI conference on artificial intelligence},
  volume={32},
  year={2018}
}


@article{Wachter2017,
  title={Counterfactual explanations without opening the black box: Automated decisions and the GDPR},
  author={Wachter, Sandra and Mittelstadt, Brent and Russell, Chris},
  journal={Harv. JL \& Tech.},
  volume={31},
  pages={841},
  year={2017},
  publisher={HeinOnline}
}


@article{Lundberg2017,
  title={A unified approach to interpreting model predictions},
  author={Lundberg, Scott M and Lee, Su-In},
  journal={Advances in neural information processing systems},
  volume={30},
  year={2017}
}


@inproceedings{Selvaraju2016,
  title={Grad-cam: Visual explanations from deep networks via gradient-based localization},
  author={Selvaraju, Ramprasaath R and Cogswell, Michael and Das, Abhishek and Vedantam, Ramakrishna and Parikh, Devi and Batra, Dhruv},
  booktitle={Proceedings of the IEEE international conference on computer vision},
  pages={618--626},
  year={2017}
}


@inproceedings{Mahendran2016,
  title={Salient deconvolutional networks},
  author={Mahendran, Aravindh and Vedaldi, Andrea},
  booktitle={European conference on computer vision},
  pages={120--135},
  year={2016},
  organization={Springer}
}



@article{ancona2018,
  title={Towards better understanding of gradient-based attribution methods for deep neural networks},
  author={Ancona, Marco and Ceolini, Enea and {\"O}ztireli, Cengiz and Gross, Markus},
  journal={arXiv preprint arXiv:1711.06104},
  year={2017}
}


@inproceedings{Shrikumar2017,
  title={Learning important features through propagating activation differences},
  author={Shrikumar, Avanti and Greenside, Peyton and Kundaje, Anshul},
  booktitle={International conference on machine learning},
  pages={3145--3153},
  year={2017},
  organization={PMLR}
}



@article{bau2020units,
  title={Understanding the role of individual units in a deep neural network},
  author={Bau, David and Zhu, Jun-Yan and Strobelt, Hendrik and Lapedriza, Agata and Zhou, Bolei and Torralba, Antonio},
  journal={Proceedings of the National Academy of Sciences},
  volume={117},
  number={48},
  pages={30071--30078},
  year={2020},
  publisher={National Acad Sciences}
}


@inproceedings{Gurumoorthy2019,
  title={Efficient data representation by selecting prototypes with importance weights},
  author={Gurumoorthy, Karthik S and Dhurandhar, Amit and Cecchi, Guillermo and Aggarwal, Charu},
  booktitle={2019 IEEE International Conference on Data Mining (ICDM)},
  pages={260--269},
  year={2019},
  organization={IEEE}
}


@article{Guidotti2018,
  title={A survey of methods for explaining black box models},
  author={Guidotti, Riccardo and Monreale, Anna and Ruggieri, Salvatore and Turini, Franco and Giannotti, Fosca and Pedreschi, Dino},
  journal={ACM computing surveys (CSUR)},
  volume={51},
  number={5},
  pages={1--42},
  year={2018},
  publisher={ACM New York, NY, USA}
}


@article{Friedman2008,
  title={Predictive learning via rule ensembles},
  author={Friedman, Jerome H and Popescu, Bogdan E},
  journal={The annals of applied statistics},
  pages={916--954},
  year={2008},
  publisher={JSTOR}
}


@article{Inglis2022,
  title={Visualizing Variable Importance and Variable Interaction Effects in Machine Learning Models},
  author={Inglis, Alan and Parnell, Andrew and Hurley, Catherine B},
  journal={Journal of Computational and Graphical Statistics},
  pages={1--13},
  year={2022},
  publisher={Taylor \& Francis}
}

@article{Baniecki2022,
  title={Fooling Partial Dependence via Data Poisoning},
  author={Baniecki, Hubert and Kretowicz, Wojciech and Biecek, Przemyslaw},
  journal={arXiv preprint arXiv:2105.12837},
  year={2021}
}

@inproceedings{nanfack2021global,
  title={Global explanations with decision rules: a co-learning approach},
  author={Nanfack, G{\'e}raldin and Temple, Paul and Fr{\'e}nay, Beno{\^\i}t},
  booktitle={Uncertainty in Artificial Intelligence},
  pages={589--599},
  year={2021},
  organization={PMLR}
}
